@article{Demsar2016BalancedMixture,
    title = {{A Balanced Mixture of Antagonistic Pressures Promotes the Evolution of Parallel Movement}},
    year = {2016},
    journal = {Scientific Reports},
    author = {Dem{\v{s}}ar, Jure and {\v{S}}trumbelj, Erik and Lebar Bajec, Iztok},
    volume = {6},
    doi = {10.1038/srep39428}
}

@article{Demsar2017LinguisticEvolution,
    title = {{Evolution of Collective Behaviour in an Artificial World Using Linguistic Fuzzy Rule-Based Systems}},
    year = {2017},
    journal = {PLoS ONE},
    author = {Dem{\v{s}}ar, Jure and Lebar Bajec, Iztok},
    number = {1},
    pages = {1--20},
    volume = {12},
    doi = {10.1371/journal.pone.0168876}
}

--------------------------------------------

@misc{murray2021literacy,
  title={Literacy is inadequate: young children need literacies},
  author={Murray, Jane},
  journal={International Journal of Early Years Education},
  volume={29},
  number={1},
  pages={1--5},
  year={2021},
  publisher={Taylor \& Francis}
}

@article{nielen2018digital,
  title={Digital guidance for susceptible readers: Effects on fifth gradersâ€™ reading motivation and incidental vocabulary learning},
  author={Nielen, Thijs MJ and Smith, Glenn G and Sikkema-de Jong, Maria T and Drobisz, Jack and van Horne, Bill and Bus, Adriana G},
  journal={Journal of Educational Computing Research},
  volume={56},
  number={1},
  pages={48--73},
  year={2018},
  publisher={Sage Publications Sage CA: Los Angeles, CA}
}

@inproceedings{chen2023large,
  title={Large language models meet harry potter: A dataset for aligning dialogue agents with characters},
  author={Chen, Nuo and Wang, Yan and Jiang, Haiyun and Cai, Deng and Li, Yuhan and Wang, Longyue and Li, Jia and others},
  booktitle={The 2023 Conference on Empirical Methods in Natural Language Processing},
  year={2023}
}

@article{j_murray,
author = {Jane Murray},
title = {Literacy is inadequate: young children need literacies},
journal = {International Journal of Early Years Education},
volume = {29},
number = {1},
pages = {1-5},
year = {2021},
publisher = {Routledge},
doi = {10.1080/09669760.2021.1883816},
URL = {
  https://doi.org/10.1080/09669760.2021.1883816
},
eprint = {
  https://doi.org/10.1080/09669760.2021.1883816
}
}

@article{adiwardana2020towards,
  title={Towards a human-like open-domain chatbot},
  author={Adiwardana, Daniel and Luong, Minh-Thang and So, David R and Hall, Jamie and Fiedel, Noah and Thoppilan, Romal and Yang, Zi and Kulshreshtha, Apoorv and Nemade, Gaurav and Lu, Yifeng and others},
  journal={arXiv preprint arXiv:2001.09977},
  year={2020}
}

@inproceedings{zhou2018emotional,
  title={Emotional chatting machine: Emotional conversation generation with internal and external memory},
  author={Zhou, Hao and Huang, Minlie and Zhang, Tianyang and Zhu, Xiaoyan and Liu, Bing},
  booktitle={Proceedings of the AAAI Conference on Artificial Intelligence},
  volume={32},
  number={1},
  year={2018}
}

@article{rashkin2018towards_empathy,
  title={Towards empathetic open-domain conversation models: A new benchmark and dataset},
  author={Rashkin, Hannah and Smith, Eric Michael and Li, Margaret and Boureau, Y-Lan},
  journal={arXiv preprint arXiv:1811.00207},
  year={2018}
}

@article{smith2020controlling,
  title={Controlling style in generated dialogue},
  author={Smith, Eric Michael and Gonzalez-Rico, Diana and Dinan, Emily and Boureau, Y-Lan},
  journal={arXiv preprint arXiv:2009.10855},
  year={2020}
}

@article{zhang2018personalizing,
  title={Personalizing dialogue agents: I have a dog, do you have pets too?},
  author={Zhang, Saizheng and Dinan, Emily and Urbanek, Jack and Szlam, Arthur and Kiela, Douwe and Weston, Jason},
  journal={arXiv preprint arXiv:1801.07243},
  year={2018}
}

@inproceedings{why_chatbots,
  title={Why people use chatbots},
  author={Brandtzaeg, Petter Bae and F{\o}lstad, Asbj{\o}rn},
  booktitle={Internet Science: 4th International Conference, INSCI 2017, Thessaloniki, Greece, November 22-24, 2017, Proceedings 4},
  pages={377--392},
  year={2017},
  organization={Springer}
}

@article{han2022meet,
  title={Meet your favorite character: Open-domain chatbot mimicking fictional characters with only a few utterances},
  author={Han, Seungju and Kim, Beomsu and Yoo, Jin Yong and Seo, Seokjun and Kim, Sangbum and Erdenee, Enkhbayar and Chang, Buru},
  journal={arXiv preprint arXiv:2204.10825},
  year={2022}
}

@inproceedings{generic_framework,
  title={Towards a generic framework for character-based chatbots},
  author={El Hefny, Walid and El Bolock, Alia and Herbert, Cornelia and Abdennadher, Slim},
  booktitle={Highlights in Practical Applications of Agents, Multi-Agent Systems, and Trust-worthiness. The PAAMS Collection: International Workshops of PAAMS 2020, L'Aquila, Italy, October 7--9, 2020, Proceedings 18},
  pages={95--107},
  year={2020},
  organization={Springer}
}

@article{li2024enhancing,
  title={Enhancing LLM Factual Accuracy with RAG to Counter Hallucinations: A Case Study on Domain-Specific Queries in Private Knowledge-Bases},
  author={Li, Jiarui and Yuan, Ye and Zhang, Zehua},
  journal={arXiv preprint arXiv:2403.10446},
  year={2024}
}